% Dummy reference
@online{site1,
  title = {Flowchart In Programming},
  author = {Programiz},
  note = {\url{https://www.programiz.com/article/flowchart-programming}}
}

@online{site2,
  title = {Introduction to Computer Science},
  author = {Ashish Sai},
  note = {\url{https://bcs1110.ashish.nl/}}
}

@online{site3,
  title = {JavaCraft},
  author = {Ashish Sai},
  note = {\url{https://gitlab.maastrichtuniversity.nl/bcs1110/javacraft/}}
}

@online{site4,
  title = {Flag of Bangladesh},
  author = {Wikipedia},
  note = {\url{https://en.wikipedia.org/wiki/Flag_of_Bangladesh}}
}

@online{site5,
  title = {Circle Equations},
  author = {mathisfun},
  note = {\url{https://www.mathsisfun.com/algebra/circle-equations.html}}
}